@article{Aloys_LoRa,
	Author = {Augustin, Aloÿs and Yi, Jiazi and Clausen, Thomas Heide and Townsley, William},
	Journal = {Sensors},
	Month = {10},
	Title = {A Study of LoRa: Long Range and Low Power Networks for the Internet of Things},
	Year = {2016}
	}

@article{Mikhaylov_LoRaWAN,
    author = {Mikhaylov, Konstantin and Petäjäjärv, Juha and Hänninen, Tuomo},
    year = {2016},
    month = {05},
    pages = {},
    title = {Analysis of the Capacity and Scalability of the LoRa Wide Area Network Technology}
}

@inproceedings{Silva_LoRaWAN,
    author = {de Carvalho Silva, Jonathan and Rodrigues, Joel and Alberti, Antonio and Šolić, Petar and Aquino, Andre},
    year = {2017},
    month = {07},
    pages = {},
    title = {LoRaWAN - A Low Power WAN Protocol for Internet of Things: a Review and Opportunities}
}

@article{Bor_LoRA,
    author = {Bor, Martin and Vidler, John and Roedig, Utz},
    year = {2016},
    month = {02},
    pages = {361-366},
    title = {LoRa for the Internet of Things},
    journal = {EWSN}
}

@article{Miller_LoRaSecurity,
	Author = {Robert Miller},
	Journal = {MWR Labs},
	Month = {3},
	Title = {LoRa Security: Building a secure LoRa solution},
    Year = {2016}
}

@article{Adhikari_timeseries,
	Author = {Ratnadip Adhikari and R. K. Agrawal},
	Journal = {LAP Lambert Academic Publishing},
	Month = {2},
	Title = {An Introductory Study on Time Series Modeling and Forecasting},
	Year = {2013}
}

@article{Hornik_ANN,
	Author = {Kurt Hornik and Maxwell Stinchcombe and Halbert White},
	Journal = {Neural Networks},
	Volume = {2},
	Title = {Multilayer feedforward networks are universal approximators},
	Year = {1989}
}

@article{Zhang_ANN,
	Author = {Guoqiang Zhang and B.Eddy Patuwo and Michael Y. Hu},
	Journal = {Elsevier BV},
	Month = {7},
	Title = {Forecasting with artificial neural networks: The state of the art},
	Year = {1997}
}

@article{Olah_LSTM,
	Author = {Christopher Olah},
	Journal = {colah{'}s blog},
	Month = {8},
	Title = {Understanding LSTM Networks},
	Year = {2015}
}

@article{Hochreiter_LSTM,
	Author = {Sepp Hochreiter and Jurgen Schmidhuber},
	Journal = {Neural Computation},
	Month = {9},
	Title = {Long Short-Term Memory},
    Year = {1997}
}

@article{Gazis_IoT,
	author={V. {Gazis} and M. {Goertz} and M. {Huber} and A. {Leonardi} and K. {Mathioudakis} and A. {Wiesmaier} and F. {Zeiger}},
	booktitle={2015 18th International Conference on Intelligence in Next Generation Networks},
	title={Short Paper: IoT: Challenges, projects, architectures},
	year={2015},
	volume={},
	number={},
	pages={145-147},
	keywords={Internet of Things;internetworking;IoT project;Internet of Things;sociotechnical phenomena;centralized computing;data gathering;decentralized structure;Europe;USA;China;Computer architecture;Interoperability;Semantics;Reliability;Europe;Security;Technological innovation},
	doi={10.1109/ICIN.2015.7073822},
	ISSN={},
	month={Feb}
}

@article{Evans_IoT,
	author = {Evans, Chris},
	journal = {Cisco Internet Business Solutions Group},
	title = {The Internet of Things: How the Next Evolution of the Internet is Changing Everything},
	year = {2011}
}

@online{TTN,
	url={https://www.thethingsnetwork.org/docs/lorawan/},
	urldate = {2019-29-06},
	author={The Things Network},
	title={LoRaWAN Overview}
}

@online{tensorflow,
	url={https://www.tensorflow.org/api_docs/},
	urldate = {2019-06-07},
	author={TensorFlow Core},
	title = {API Documentation},
}

@online{security_lora,
	url={https://smartmakers.io/en/security-in-lorawan-applications/},
	urldate={2019-29-06},
	author={smartmakers.io},
	title={Security in LoRaWAN Applications}
}

@online{timeseriespython,
	url={https://github.com/AileenNielsen/TimeSeriesAnalysisWithPython},
	urldate={2019-28-06},
	author={Aileen Nielsen},
	title={Time Series Analysis - PyCon 2017}
}

@online{lora-alliance,
	url = {https://lora-alliance.org/lorawan-for-developers},
	urldate = {2019-29-06},
	author={LoRa Alliance},
	title={LoRaWAN Specification},
}

@online{df,
	url={https://pandas.pydata.org/pandas-docs/stable/index.html},
	urldate = {2019-03-07},
	author={pandas 0.24.2 documentation},
	title={pandas: powerful Python data analysis toolkit},
}

@article{Reynders_CSS,
	author={B. {Reynders} and S. {Pollin}},
	booktitle={2016 Symposium on Communications and Vehicular Technologies (SCVT)},
	title={Chirp spread spectrum as a modulation technique for long range communication},
	year={2016},
	volume={},
	number={},
	pages={1-5},
	keywords={modulation;spread spectrum communication;chirp spread spectrum;modulation technique;long range communication;narrowband communication;spreaded wideband communication;CSS;wideband communication;Cascading style sheets;Mathematical model;Chirp;Signal to noise ratio;Decoding;Binary phase shift keying;Bit error rate},
	doi={10.1109/SCVT.2016.7797659},
	ISSN={},
	month={Nov},
}

@article{Knight,
	author={M. {Knight} and B. {Seeber}},
	title={Decoding LoRa: Realizing a Modern LPWAN with SDR},
	year={2016},
	journal={RevSpace},
}

@article{Sornin_LoRaWAN,
	author={N. {Sornin} and A. {Yegin}},
	title={LoRaWAN 1.1 Specification},
	year={2017},
	month={Oct},
	journal={LoRa Alliance},
}

@article{ibanez_lorawan,
	author = {Casals Ibáñez, Lluis and Mir Masnou, Bernat and Vidal Ferré, Rafael and Gomez, Carles},
	year = {2017},
	month = {10},
	pages = {2364},
	title = {Modeling the energy performance of LoRaWAN},
	volume = {17},
	journal = {Sensors},
	doi = {10.3390/s17102364}
}

@article{Raicharoen_timeseries,
author={T. {Raicharoen} and C. {Lursinsap} and P. {Sanguanbhokai}},
booktitle={Proceedings of the 2003 International Symposium on Circuits and Systems, 2003. ISCAS '03.},
title={Application of critical support vector machine to time series prediction},
year={2003},
volume={5},
number={},
pages={V-V},
keywords={learning automata;time series;signal classification;perceptrons;chaos;critical support vector machine;time series prediction;signal processing;CSVM;Nearest Neighbor Algorithm;Perceptron;classification problems;chaotic Mackey-Glass time series;Support vector machines;Signal processing algorithms;Support vector machine classification;Function approximation;Quadratic programming;Machine intelligence;Mathematics;Least squares approximation;Neural networks;Nearest neighbor searches},
doi={10.1109/ISCAS.2003.1206419},
ISSN={},
month={May},}

@book{timeseries,
  title = {Introduction to Time Series and Forecasting},
  author = {Peter J. {Brockwell} and Richard A. {Davis}},
  YEAR = {2016},
  PUBLISHER = {Springer},
}

@book{Aurelian,
	title= {Hands-on Machine Learning with Scikit-Learn and TensorFlow: Concepts, Tools, and Techniques to build Intelligent Systems},
	author= {Aurélien Geron},
	year = {2017},
	publisher = {O'Reilly Media},
}


@article{ann_history,
	title={Forecasting with artificial neural networkws: The state of the art},
	author={Guoqiang {Zhang}, B. Eddy {Patuwo}, Michael Y. {Hu}},
	year={1998},
	month={March},
	volume={14},
	journal={International Journal of Forecasting},
}

@article{ann_architecture,
author = {Bre, Facundo and Gimenez, Juan and D. Fachinotti, Víctor},
year = {2017},
month = {11},
pages = {},
title = {Prediction of wind pressure coefficients on building surfaces using Artificial Neural Networks},
volume = {158},
journal = {Energy and Buildings},
doi = {10.1016/j.enbuild.2017.11.045}
}


@article{zhang_ann_ts,
author = {Zhang, Peter},
year = {2007},
month = {12},
pages = {5329-5346},
title = {A neural network ensemble method with jittered training data for time series forecasting},
volume = {177},
journal = {Information Sciences},
doi = {10.1016/j.ins.2007.06.015}
}

@article{dropout,
  author  = {Nitish Srivastava and Geoffrey Hinton and Alex Krizhevsky and Ilya Sutskever and Ruslan Salakhutdinov},
  title   = {Dropout: A Simple Way to Prevent Neural Networks from Overfitting},
  journal = {Journal of Machine Learning Research},
  year    = {2014},
  volume  = {15},
  pages   = {1929-1958},
  url     = {http://jmlr.org/papers/v15/srivastava14a.html}
}

@article{stock,
author = {Shah, Dev and Campbell, Wesley and Zulkernine, Farhana},
year = {2018},
month = {12},
pages = {},
title = {A Comparative Study of LSTM and DNN for Stock Market Forecasting},
doi = {10.1109/BigData.2018.8622462}
}